<?xml version='1.0' encoding='UTF-8'?>
<record xmlns="http://www.loc.gov/MARC21/slim">
  <leader>01936cam a2200337 a 4500</leader>
  <controlfield tag="001">2695258</controlfield>
  <controlfield tag="003">NjP</controlfield>
  <controlfield tag="005">20170926175830.0</controlfield>
  <controlfield tag="008">000106s1905    ti            000 0 ara d</controlfield>
  <datafield tag="024" ind1="7" ind2=" ">
    <subfield code="a">princeton_aco002643</subfield>
    <subfield code="2">local</subfield>
  </datafield>
  <datafield ind1=" " ind2=" " tag="035">
    <subfield code="a">(OCoLC)ocn178263296</subfield>
  </datafield>
  <datafield ind1=" " ind2=" " tag="040">
    <subfield code="a">NjP</subfield>
    <subfield code="c">PUL</subfield>
    <subfield code="d">PUL</subfield>
  </datafield>
  <datafield ind1=" " ind2=" " tag="035">
    <subfield code="a">(OCoLC)178263296</subfield>
  </datafield>
  <datafield ind1=" " ind2=" " tag="035">
    <subfield code="9">CMV5885TS</subfield>
  </datafield>
  <datafield ind1=" " ind2=" " tag="035">
    <subfield code="a">(NjP)2695258</subfield>
  </datafield>
  <datafield ind1=" " ind2=" " tag="079">
    <subfield code="a">ocm79063029</subfield>
  </datafield>
  <datafield ind1=" " ind2=" " tag="049">
    <subfield code="a">PULL</subfield>
  </datafield>
  <datafield ind1="1" ind2=" " tag="100">
    <subfield code="6">880-01</subfield>
    <subfield code="a">Sharīf, Ibrāhīm ibn Muḥammad.</subfield>
  </datafield>
  <datafield ind1="1" ind2="0" tag="240">
    <subfield code="6">880-02</subfield>
    <subfield code="a">Baḥr al-ṭāfiḥ fī baʻḍ faḍāʼil shaykh al-ṭarīq Sīdī Muḥammad al-Ṣāliḥ</subfield>
  </datafield>
  <datafield ind1="1" ind2="0" tag="245">
    <subfield code="6">880-03</subfield>
    <subfield code="a">Hādhihi al-risālah al-musammāh bi-al-Baḥr al-ṭāfiḥ fī baʻḍ faḍāʼil shaykh al-ṭarīq Sīdī Muḥammad al-Ṣāliḥ, raḍiya Allāh ʻanhu ... /</subfield>
    <subfield code="c">taʼlīf Ibrāhīm ibn Muḥammad al-Sāhī ibn Ibrāhīm ibn Muḥammad ibn ʻĀmir al-Sūfī al-Wādī al-Sharīf.</subfield>
  </datafield>
  <datafield ind1=" " ind2=" " tag="260">
    <subfield code="6">880-04</subfield>
    <subfield code="a">Tūnis :</subfield>
    <subfield code="b">Maṭbaʻat Bīkār wa-Sharikāʼuh,</subfield>
    <subfield code="c">1323 [1905 or 1906]</subfield>
  </datafield>
  <datafield ind1=" " ind2=" " tag="300">
    <subfield code="a">52 p. ;</subfield>
    <subfield code="c">25 cm.</subfield>
  </datafield>
  <datafield ind1="1" ind2="0" tag="600">
    <subfield code="6">880-05</subfield>
    <subfield code="a">Ṣāliḥ, Muḥammad,</subfield>
    <subfield code="c">Sīdī.</subfield>
    <subfield code="0">http://id.loc.gov/authorities/names/no00003745</subfield>
  </datafield>
  <datafield ind1=" " ind2="0" tag="650">
    <subfield code="a">Sufism.</subfield>
    <subfield code="0">http://id.loc.gov/authorities/subjects/sh85129660</subfield>
  </datafield>
  <datafield ind1="1" ind2=" " tag="880">
    <subfield code="6">100-01/r</subfield>
    <subfield code="a">شريف، ابراهيم بن محمد.</subfield>
  </datafield>
  <datafield ind1="1" ind2="0" tag="880">
    <subfield code="6">240-02/r</subfield>
    <subfield code="a">بحر الطافح في بعض فضائل شيخ الطريق سيدي محمد الصالح</subfield>
  </datafield>
  <datafield ind1="1" ind2="0" tag="880">
    <subfield code="6">245-03/r</subfield>
    <subfield code="a">هذه الرسالة المسماه بالبحر الطافح في بعض فضائل شيخ الطريق سيدي محمد الصالح، رضي الله عنه ... /</subfield>
    <subfield code="c">تأليف ابراهيم بن محمد الساهي بن ابراهيم بن محمد بن عامر السوفي الوادي الشريف.</subfield>
  </datafield>
  <datafield ind1=" " ind2=" " tag="880">
    <subfield code="6">260-04/r</subfield>
    <subfield code="a">تونس :</subfield>
    <subfield code="b">مطبعة بيكار وشركاؤه،</subfield>
    <subfield code="c">1323 [1905 or 1906]</subfield>
  </datafield>
  <datafield ind1="1" ind2="0" tag="880">
    <subfield code="6">600-05/r</subfield>
    <subfield code="a">صالح، محمد،</subfield>
    <subfield code="c">سيدي.</subfield>
  </datafield>
  <datafield ind1=" " ind2=" " tag="948">
    <subfield code="a">jeb</subfield>
  </datafield>
  <datafield ind1=" " ind2=" " tag="911">
    <subfield code="a">20000106</subfield>
  </datafield>
  <datafield ind1=" " ind2=" " tag="994">
    <subfield code="a">C0</subfield>
    <subfield code="b">PUL</subfield>
  </datafield>
  <datafield ind1=" " ind2=" " tag="999">
    <subfield code="a">2695258</subfield>
  </datafield>
  <datafield ind1="0" ind2="0" tag="852">
    <subfield code="0">3004342</subfield>
    <subfield code="b">rcppa</subfield>
    <subfield code="t">1</subfield>
    <subfield code="h">BP80</subfield>
    <subfield code="i">.S275 S52 1905</subfield>
    <subfield code="x">tr fr anxa</subfield>
  </datafield>
  <datafield ind1=" " ind2=" " tag="959">
    <subfield code="a">2000-06-13 00:00:00 -0500</subfield>
  </datafield>
</record>
